@article{moreno2016large,
  title={Large-scale analysis of Zipfâ€™s law in English texts},
  author={Moreno-S{\'a}nchez, Isabel and Font-Clos, Francesc and Corral, {\'A}lvaro},
  journal={PloS one},
  volume={11},
  number={1},
  pages={e0147073},
  year={2016},
  publisher={Public Library of Science}
}

@article{newman2005power,
  title={Power laws, Pareto distributions and Zipf's law},
  author={Newman, Mark EJ},
  journal={Contemporary physics},
  volume={46},
  number={5},
  pages={323--351},
  year={2005},
  publisher={Taylor \& Francis}
}

@article{clauset2009power,
  title={Power-law distributions in empirical data},
  author={Clauset, Aaron and Shalizi, Cosma Rohilla and Newman, Mark EJ},
  journal={SIAM review},
  volume={51},
  number={4},
  pages={661--703},
  year={2009},
  publisher={SIAM}
}
